@misc{hommel:2010,
author		 = {Daniel Hommel AND Thomas Koller},
title 		 = {Latex Grundlagen},
howpublished = {\url{https://www2.hs-esslingen.de/~dhommel/skript.pdf}},
year  		 = {2010}
}

@misc{nagel:2015,
author		 = {PD Dr Thorsten Nagel},
title 		 = {Einf√ºhrung in Latex},
howpublished = {\url{http://astro.uni-tuebingen.de/~nagel/pub/Kolleg/Latex/DOKU/Latexkurs_Skript.pdf}},
year	     = {2015},
month		 = {12},
day			 = {01}
}

@misc{satzwiki:2023,
author       = {diverse Autoren},
title        = {Satz(Druck)},
howpublished = {\url{https://de.wikipedia.org/wiki/Satz_(Druck)}},
year         = {2023},
month		 = {03},
day		   	 = {30}
}
